@inproceedings{paper1,
  title={Towards a good resume template},
  author={\textbf{My Name} and author2 and author3},
  booktitle={conference name},
  year={2024}
}

@article{paper2,
  title={This template is all you need},
  author={\textbf{My Name} and author2 and author3},
  journal={conference name},
  year={2024}
}